<?xml version="1.0" encoding="UTF-8"?><collection xmlns="http://www.loc.gov/MARC21/slim"><record><leader>00401nam--2200121-i-4500</leader><controlfield tag="001">000048012</controlfield><controlfield tag="002">20161230</controlfield><controlfield tag="005">20161230201046</controlfield><controlfield tag="008">060222s1000------------r-----000-0-eng-d</controlfield><datafield ind1=" " ind2=" " tag="100"><subfield code="a">Ziert, L., Winde B</subfield></datafield><datafield ind1=" " ind2=" " tag="245"><subfield code="a">Organisation der kernforschung und kerntechnik in der deutschen demokratischen republik</subfield></datafield><datafield ind1=" " ind2=" " tag="260"><subfield code="a">Leipzig, Veb Dseutscher Verlag Fur Grundstoffindustrie, 1961,112p. + 17 Fig</subfield></datafield><datafield ind1=" " ind2=" " tag="852"><subfield code="a">4333</subfield></datafield></record></collection>